<record><leader>00000cas a2200000 a 4500</leader><controlfield tag="001">12396144</controlfield><controlfield tag="008">850817d18911894ksuwr ne      0    0eng d</controlfield><datafield ind1=" " ind2=" " tag="010"><subfield code="a">sn 85032003 </subfield></datafield><datafield ind1=" " ind2=" " tag="040"><subfield code="a">KSH</subfield><subfield code="b">eng</subfield><subfield code="c">KSH</subfield><subfield code="d">NPT</subfield><subfield code="d">OCL</subfield><subfield code="d">OCLCQ</subfield></datafield><datafield ind1=" " ind2=" " tag="042"><subfield code="a">msc</subfield></datafield><datafield ind1="0" ind2=" " tag="130"><subfield code="a">Times (Atwood, Kan.)</subfield></datafield><datafield ind1="1" ind2="4" tag="245"><subfield code="a">The times.</subfield></datafield><datafield ind1=" " ind2=" " tag="260"><subfield code="a">Atwood, Kan. :</subfield><subfield code="b">Price &amp; Obert,</subfield><subfield code="c">1891-1894.</subfield></datafield><datafield ind1=" " ind2=" " tag="300"><subfield code="a">3 v. :</subfield><subfield code="b">ill. ;</subfield><subfield code="c">54 cm.</subfield></datafield><datafield ind1=" " ind2=" " tag="310"><subfield code="a">Weekly</subfield></datafield><datafield ind1="0" ind2=" " tag="362"><subfield code="a">Vol. 6, no. 38 (Aug. 20, 1891)-v. 9, no. 27 (June 7, 1894).</subfield></datafield><datafield ind1=" " ind2=" " tag="500"><subfield code="a">Published by J.F. Price, Jan. 1893-June 7, 1894.</subfield></datafield><datafield ind1=" " ind2=" " tag="500"><subfield code="a">"Peoples Party."</subfield></datafield><datafield ind1=" " ind2=" " tag="752"><subfield code="a">United States</subfield><subfield code="b">Kansas</subfield><subfield code="c">Rawlins</subfield><subfield code="d">Atwood.</subfield></datafield><datafield ind1="0" ind2="0" tag="780"><subfield code="t">McDonald times</subfield><subfield code="w">(DLC)sn 85032000</subfield></datafield><datafield ind1="0" ind2="7" tag="785"><subfield code="t">Rawlins County democrat (Atwood, Kan. : 1890)</subfield><subfield code="w">(DLC)sn 85032002</subfield></datafield><datafield ind1="0" ind2="7" tag="785"><subfield code="t">Atwood patriot</subfield><subfield code="w">(DLC)sn 85032001</subfield></datafield><datafield ind1="1" ind2=" " tag="029"><subfield code="a">AU@</subfield><subfield code="b">000004745958</subfield></datafield></record>